@Manual{R-base,
  title = {R: A Language and Environment for Statistical Computing},
  author = {{R Core Team}},
  organization = {R Foundation for Statistical Computing},
  address = {Vienna, Austria},
  year = {2023},
  url = {https://www.R-project.org/},
}

@Manual{R-Biobase,
  title = {Biobase: Base functions for Bioconductor},
  author = {R. Gentleman and V. Carey and M. Morgan and S. Falcon},
  year = {2023},
  note = {R package version 2.60.0},
  url = {https://bioconductor.org/packages/Biobase},
  doi = {10.18129/B9.bioc.Biobase},
}

@Manual{R-BiocGenerics,
  title = {BiocGenerics: S4 generic functions used in Bioconductor},
  author = {The Bioconductor Dev Team},
  year = {2023},
  note = {R package version 0.46.0},
  url = {https://bioconductor.org/packages/BiocGenerics},
  doi = {10.18129/B9.bioc.BiocGenerics},
}

@Manual{R-BiocParallel,
  title = {BiocParallel: Bioconductor facilities for parallel evaluation},
  author = {Martin Morgan and Jiefei Wang and Valerie Obenchain and Michel Lang and Ryan Thompson and Nitesh Turaga},
  year = {2023},
  note = {R package version 1.34.2},
  url = {https://bioconductor.org/packages/BiocParallel},
  doi = {10.18129/B9.bioc.BiocParallel},
}

@Manual{R-Biostrings,
  title = {Biostrings: Efficient manipulation of biological strings},
  author = {Hervé Pagès and Patrick Aboyoun and Robert Gentleman and Saikat DebRoy},
  year = {2023},
  note = {R package version 2.68.1},
  url = {https://bioconductor.org/packages/Biostrings},
  doi = {10.18129/B9.bioc.Biostrings},
}

@Manual{R-bookdown,
  title = {bookdown: Authoring Books and Technical Documents with R Markdown},
  author = {Yihui Xie},
  year = {2023},
  note = {R package version 0.34},
  url = {https://CRAN.R-project.org/package=bookdown},
}

@Manual{R-dada2,
  title = {dada2: Accurate, high-resolution sample inference from amplicon
sequencing data},
  author = {Benjamin Callahan and Paul McMurdie and Susan Holmes},
  year = {2023},
  note = {R package version 1.28.0},
  url = {https://bioconductor.org/packages/dada2},
  doi = {10.18129/B9.bioc.dada2},
}

@Manual{R-dplyr,
  title = {dplyr: A Grammar of Data Manipulation},
  author = {Hadley Wickham and Romain François and Lionel Henry and Kirill Müller and Davis Vaughan},
  year = {2023},
  note = {R package version 1.1.2},
  url = {https://CRAN.R-project.org/package=dplyr},
}

@Manual{R-GenomeInfoDb,
  title = {GenomeInfoDb: Utilities for manipulating chromosome names, including modifying
them to follow a particular naming style},
  author = {Sonali Arora and Martin Morgan and Marc Carlson and Hervé Pagès},
  year = {2023},
  note = {R package version 1.36.0},
  url = {https://bioconductor.org/packages/GenomeInfoDb},
  doi = {10.18129/B9.bioc.GenomeInfoDb},
}

@Manual{R-GenomicAlignments,
  title = {GenomicAlignments: Representation and manipulation of short genomic alignments},
  author = {Hervé Pagès and Valerie Obenchain and Martin Morgan},
  year = {2023},
  note = {R package version 1.36.0},
  url = {https://bioconductor.org/packages/GenomicAlignments},
  doi = {10.18129/B9.bioc.GenomicAlignments},
}

@Manual{R-GenomicRanges,
  title = {GenomicRanges: Representation and manipulation of genomic intervals},
  author = {Patrick Aboyoun and Hervé Pagès and Michael Lawrence},
  year = {2023},
  note = {R package version 1.52.0},
  url = {https://bioconductor.org/packages/GenomicRanges},
  doi = {10.18129/B9.bioc.GenomicRanges},
}

@Manual{R-ggplot2,
  title = {ggplot2: Create Elegant Data Visualisations Using the Grammar of Graphics},
  author = {Hadley Wickham and Winston Chang and Lionel Henry and Thomas Lin Pedersen and Kohske Takahashi and Claus Wilke and Kara Woo and Hiroaki Yutani and Dewey Dunnington},
  year = {2023},
  note = {R package version 3.4.2},
  url = {https://CRAN.R-project.org/package=ggplot2},
}

@Manual{R-icons,
  title = {icons: SVG Icons for R Documents and Apps},
  author = {Mitchell O'Hara-Wild},
  year = {2023},
  note = {https://pkg.mitchelloharawild.com/icons/},
}

@Manual{R-IRanges,
  title = {IRanges: Foundation of integer range manipulation in Bioconductor},
  author = {Hervé Pagès and Patrick Aboyoun and Michael Lawrence},
  year = {2023},
  note = {R package version 2.34.0},
  url = {https://bioconductor.org/packages/IRanges},
  doi = {10.18129/B9.bioc.IRanges},
}

@Manual{R-lattice,
  title = {lattice: Trellis Graphics for R},
  author = {Deepayan Sarkar},
  year = {2023},
  note = {R package version 0.21-8},
  url = {https://lattice.r-forge.r-project.org/},
}

@Manual{R-MatrixGenerics,
  title = {MatrixGenerics: S4 Generic Summary Statistic Functions that Operate on
Matrix-Like Objects},
  author = {Constantin Ahlmann-Eltze and Peter Hickey and Hervé Pagès},
  year = {2023},
  note = {R package version 1.12.0},
  url = {https://bioconductor.org/packages/MatrixGenerics},
  doi = {10.18129/B9.bioc.MatrixGenerics},
}

@Manual{R-matrixStats,
  title = {matrixStats: Functions that Apply to Rows and Columns of Matrices (and to
Vectors)},
  author = {Henrik Bengtsson},
  year = {2023},
  note = {R package version 1.0.0},
  url = {https://github.com/HenrikBengtsson/matrixStats},
}

@Manual{R-microbiome,
  title = {microbiome: Microbiome Analytics},
  author = {Leo Lahti and Sudarshan Shetty},
  year = {2023},
  note = {R package version 1.23.1},
  url = {http://microbiome.github.io/microbiome},
}

@Manual{R-permute,
  title = {permute: Functions for Generating Restricted Permutations of Data},
  author = {Gavin L. Simpson},
  year = {2022},
  note = {R package version 0.9-7},
  url = {https://github.com/gavinsimpson/permute},
}

@Manual{R-phyloseq,
  title = {phyloseq: Handling and analysis of high-throughput microbiome census data},
  author = {Paul J. McMurdie and Susan Holmes and with contributions from Gregory Jordan and Scott Chamberlain},
  year = {2023},
  note = {R package version 1.44.0},
  url = {https://bioconductor.org/packages/phyloseq},
  doi = {10.18129/B9.bioc.phyloseq},
}

@Manual{R-RColorBrewer,
  title = {RColorBrewer: ColorBrewer Palettes},
  author = {Erich Neuwirth},
  year = {2022},
  note = {R package version 1.1-3},
  url = {https://CRAN.R-project.org/package=RColorBrewer},
}

@Manual{R-Rcpp,
  title = {Rcpp: Seamless R and C++ Integration},
  author = {Dirk Eddelbuettel and Romain Francois and JJ Allaire and Kevin Ushey and Qiang Kou and Nathan Russell and Inaki Ucar and Douglas Bates and John Chambers},
  year = {2023},
  note = {R package version 1.0.10},
  url = {https://CRAN.R-project.org/package=Rcpp},
}

@Manual{R-Rsamtools,
  title = {Rsamtools: Binary alignment (BAM), FASTA, variant call (BCF), and tabix
file import},
  author = {Martin Morgan and Hervé Pagès and Valerie Obenchain and Nathaniel Hayden},
  year = {2023},
  note = {R package version 2.16.0},
  url = {https://bioconductor.org/packages/Rsamtools},
  doi = {10.18129/B9.bioc.Rsamtools},
}

@Manual{R-S4Vectors,
  title = {S4Vectors: Foundation of vector-like and list-like containers in
Bioconductor},
  author = {Hervé Pagès and Michael Lawrence and Patrick Aboyoun},
  year = {2023},
  note = {R package version 0.38.1},
  url = {https://bioconductor.org/packages/S4Vectors},
  doi = {10.18129/B9.bioc.S4Vectors},
}

@Manual{R-seqinr,
  title = {seqinr: Biological Sequences Retrieval and Analysis},
  author = {Delphine Charif and Jean R. Lobry},
  year = {2023},
  note = {R package version 4.2-30},
  url = {https://seqinr.r-forge.r-project.org/},
}

@Manual{R-ShortRead,
  title = {ShortRead: FASTQ input and manipulation},
  author = {Martin Morgan},
  year = {2023},
  note = {R package version 1.58.0},
  url = {https://bioconductor.org/packages/ShortRead},
  doi = {10.18129/B9.bioc.ShortRead},
}

@Manual{R-stringr,
  title = {stringr: Simple, Consistent Wrappers for Common String Operations},
  author = {Hadley Wickham},
  year = {2022},
  note = {R package version 1.5.0},
  url = {https://CRAN.R-project.org/package=stringr},
}

@Manual{R-SummarizedExperiment,
  title = {SummarizedExperiment: SummarizedExperiment container},
  author = {Martin Morgan and Valerie Obenchain and Jim Hester and Hervé Pagès},
  year = {2023},
  note = {R package version 1.30.2},
  url = {https://bioconductor.org/packages/SummarizedExperiment},
  doi = {10.18129/B9.bioc.SummarizedExperiment},
}

@Manual{R-tidyr,
  title = {tidyr: Tidy Messy Data},
  author = {Hadley Wickham and Davis Vaughan and Maximilian Girlich},
  year = {2023},
  note = {R package version 1.3.0},
  url = {https://CRAN.R-project.org/package=tidyr},
}

@Manual{R-vegan,
  title = {vegan: Community Ecology Package},
  author = {Jari Oksanen and Gavin L. Simpson and F. Guillaume Blanchet and Roeland Kindt and Pierre Legendre and Peter R. Minchin and R.B. O'Hara and Peter Solymos and M. Henry H. Stevens and Eduard Szoecs and Helene Wagner and Matt Barbour and Michael Bedward and Ben Bolker and Daniel Borcard and Gustavo Carvalho and Michael Chirico and Miquel {De Caceres} and Sebastien Durand and Heloisa Beatriz Antoniazi Evangelista and Rich FitzJohn and Michael Friendly and Brendan Furneaux and Geoffrey Hannigan and Mark O. Hill and Leo Lahti and Dan McGlinn and Marie-Helene Ouellette and Eduardo {Ribeiro Cunha} and Tyler Smith and Adrian Stier and Cajo J.F. {Ter Braak} and James Weedon},
  year = {2022},
  note = {R package version 2.6-4},
  url = {https://github.com/vegandevs/vegan},
}

@Manual{R-webexercises,
  title = {webexercises: Create Interactive Web Exercises in R Markdown (Formerly
webex)},
  author = {Dale Barr and Lisa DeBruine},
  year = {2023},
  note = {R package version 1.1.0},
  url = {https://github.com/psyteachr/webexercises},
}

@Manual{R-XVector,
  title = {XVector: Foundation of external vector representation and manipulation in
Bioconductor},
  author = {Hervé Pagès and Patrick Aboyoun},
  year = {2023},
  note = {R package version 0.40.0},
  url = {https://bioconductor.org/packages/XVector},
  doi = {10.18129/B9.bioc.XVector},
}

@Article{Biobase2015,
  author = {W. Huber and V. J. Carey and R. Gentleman and S. Anders and M. Carlson and B. S. Carvalho and H. C. Bravo and S. Davis and L. Gatto and T. Girke and R. Gottardo and F. Hahne and K. D. Hansen and R. A. Irizarry and M. Lawrence and M. I. Love and J. MacDonald and V. Obenchain and A. K. {Ole's} and H. {Pag`es} and A. Reyes and P. Shannon and G. K. Smyth and D. Tenenbaum and L. Waldron and M. Morgan},
  title = {{O}rchestrating high-throughput genomic analysis with {B}ioconductor},
  journal = {Nature Methods},
  year = {2015},
  volume = {12},
  number = {2},
  pages = {115--121},
  url = {http://www.nature.com/nmeth/journal/v12/n2/full/nmeth.3252.html},
}

@Article{BiocGenerics2015,
  author = {{Huber} and {W.} and {Carey} and V. J. and {Gentleman} and {R.} and {Anders} and {S.} and {Carlson} and {M.} and {Carvalho} and B. S. and {Bravo} and H. C. and {Davis} and {S.} and {Gatto} and {L.} and {Girke} and {T.} and {Gottardo} and {R.} and {Hahne} and {F.} and {Hansen} and K. D. and {Irizarry} and R. A. and {Lawrence} and {M.} and {Love} and M. I. and {MacDonald} and {J.} and {Obenchain} and {V.} and {{Ole's}} and A. K. and {{Pag`es}} and {H.} and {Reyes} and {A.} and {Shannon} and {P.} and {Smyth} and G. K. and {Tenenbaum} and {D.} and {Waldron} and {L.} and {Morgan} and {M.}},
  title = {{O}rchestrating high-throughput genomic analysis with {B}ioconductor},
  journal = {Nature Methods},
  year = {2015},
  volume = {12},
  number = {2},
  pages = {115--121},
  url = {http://www.nature.com/nmeth/journal/v12/n2/full/nmeth.3252.html},
}

@Book{bookdown2016,
  title = {bookdown: Authoring Books and Technical Documents with {R} Markdown},
  author = {Yihui Xie},
  publisher = {Chapman and Hall/CRC},
  address = {Boca Raton, Florida},
  year = {2016},
  isbn = {978-1138700109},
  url = {https://bookdown.org/yihui/bookdown},
}

@Article{dada22016,
  title = {DADA2: High-resolution sample inference from Illumina amplicon data},
  author = {Benjamin J Callahan and Paul J McMurdie and Michael J Rosen and Andrew W Han and Amy Jo A Johnson and Susan P Holmes},
  journal = {Nature Methods},
  volume = {13},
  pages = {581-583},
  year = {2016},
  doi = {10.1038/nmeth.3869},
}

@Article{GenomicAlignments2013,
  title = {Software for Computing and Annotating Genomic Ranges},
  author = {Michael Lawrence and Wolfgang Huber and Herv\'e Pag\`es and Patrick Aboyoun and Marc Carlson and Robert Gentleman and Martin Morgan and Vincent Carey},
  year = {2013},
  journal = {{PLoS} Computational Biology},
  volume = {9},
  issue = {8},
  doi = {10.1371/journal.pcbi.1003118},
  url = {http://www.ploscompbiol.org/article/info%3Adoi%2F10.1371%2Fjournal.pcbi.1003118},
}

@Article{GenomicRanges2013,
  title = {Software for Computing and Annotating Genomic Ranges},
  author = {Michael Lawrence and Wolfgang Huber and Herv\'e Pag\`es and Patrick Aboyoun and Marc Carlson and Robert Gentleman and Martin Morgan and Vincent Carey},
  year = {2013},
  journal = {{PLoS} Computational Biology},
  volume = {9},
  issue = {8},
  doi = {10.1371/journal.pcbi.1003118},
  url = {http://www.ploscompbiol.org/article/info%3Adoi%2F10.1371%2Fjournal.pcbi.1003118},
}

@Book{ggplot22016,
  author = {Hadley Wickham},
  title = {ggplot2: Elegant Graphics for Data Analysis},
  publisher = {Springer-Verlag New York},
  year = {2016},
  isbn = {978-3-319-24277-4},
  url = {https://ggplot2.tidyverse.org},
}

@Article{IRanges2013,
  title = {Software for Computing and Annotating Genomic Ranges},
  author = {Michael Lawrence and Wolfgang Huber and Herv\'e Pag\`es and Patrick Aboyoun and Marc Carlson and Robert Gentleman and Martin Morgan and Vincent Carey},
  year = {2013},
  journal = {{PLoS} Computational Biology},
  volume = {9},
  issue = {8},
  doi = {10.1371/journal.pcbi.1003118},
  url = {http://www.ploscompbiol.org/article/info%3Adoi%2F10.1371%2Fjournal.pcbi.1003118},
}

@Book{lattice2008,
  title = {Lattice: Multivariate Data Visualization with R},
  author = {Deepayan Sarkar},
  year = {2008},
  publisher = {Springer},
  address = {New York},
  isbn = {978-0-387-75968-5},
  url = {http://lmdvr.r-forge.r-project.org},
}

@Misc{microbiome2012-2019,
  title = {microbiome R package},
  author = {Leo Lahti and Sudarshan Shetty},
  year = {2012-2019},
}

@Article{phyloseq2013,
  author = {Paul J. McMurdie and Susan Holmes},
  journal = {PLoS ONE},
  pages = {e61217},
  title = {phyloseq: An R package for reproducible interactive analysis and graphics of microbiome census data},
  volume = {8},
  number = {4},
  year = {2013},
  url = {http://dx.plos.org/10.1371/journal.pone.0061217},
}

@Article{Rcpp2011,
  title = {{Rcpp}: Seamless {R} and {C++} Integration},
  author = {Dirk Eddelbuettel and Romain Fran\c{c}ois},
  journal = {Journal of Statistical Software},
  year = {2011},
  volume = {40},
  number = {8},
  pages = {1--18},
  doi = {10.18637/jss.v040.i08},
}

@Book{Rcpp2013,
  title = {Seamless {R} and {C++} Integration with {Rcpp}},
  author = {Dirk Eddelbuettel},
  publisher = {Springer},
  address = {New York},
  year = {2013},
  note = {ISBN 978-1-4614-6867-7},
  doi = {10.1007/978-1-4614-6868-4},
}

@Article{Rcpp2018,
  title = {{Extending 	extit{R} with 	extit{C++}: A Brief Introduction to 	extit{Rcpp}}},
  author = {Dirk Eddelbuettel and James Joseph Balamuta},
  journal = {The American Statistician},
  year = {2018},
  volume = {72},
  number = {1},
  pages = {28-36},
  doi = {10.1080/00031305.2017.1375990},
}

@InCollection{seqinr2007,
  author = {D. Charif and J.R. Lobry},
  title = {Seqin{R} 1.0-2: a contributed package to the {R} project for statistical computing devoted to biological sequences retrieval and analysis.},
  booktitle = {Structural approaches to sequence evolution: Molecules, networks, populations},
  year = {2007},
  editor = {U. Bastolla and M. Porto and H.E. Roman and M. Vendruscolo},
  series = {Biological and Medical Physics, Biomedical Engineering},
  pages = {207-232},
  address = {New York},
  publisher = {Springer Verlag},
  note = {{ISBN :} 978-3-540-35305-8},
}

@Article{ShortRead2009,
  title = {{ShortRead}: a {B}ioconductor package for input, quality assessment and exploration of high-throughput sequence data},
  author = {Martin Morgan and Simon Anders and Michael Lawrence and Patrick Aboyoun and Herv\'e Pag\`es and Robert Gentleman},
  year = {2009},
  journal = {Bioinformatics},
  volume = {25},
  pages = {2607-2608},
  doi = {10.1093/bioinformatics/btp450},
  url = {http://dx.doi.org10.1093/bioinformatics/btp450},
}

